%YAML 1.1
%TAG !u! tag:unity3d.com,2011:
--- !u!1001 &100100000
Prefab:
  m_ObjectHideFlags: 1
  serializedVersion: 2
  m_Modification:
    m_TransformParent: {fileID: 0}
    m_Modifications: []
    m_RemovedComponents: []
  m_ParentPrefab: {fileID: 0}
  m_RootGameObject: {fileID: 1278928319139330}
  m_IsPrefabParent: 1
--- !u!1 &1278928319139330
GameObject:
  m_ObjectHideFlags: 0
  m_PrefabParentObject: {fileID: 0}
  m_PrefabInternal: {fileID: 100100000}
  serializedVersion: 5
  m_Component:
  - component: {fileID: 4487547115071092}
  - component: {fileID: 212128251819200958}
  - component: {fileID: 61340458626164678}
  - component: {fileID: 50764609855294718}
  - component: {fileID: 114015821290971790}
  - component: {fileID: 114995396904586418}
  - component: {fileID: 114602626527988338}
  - component: {fileID: 114839084376019660}
  - component: {fileID: 114984272835888446}
  m_Layer: 0
  m_Name: Enemy
  m_TagString: Enemy
  m_Icon: {fileID: 0}
  m_NavMeshLayer: 0
  m_StaticEditorFlags: 0
  m_IsActive: 1
--- !u!4 &4487547115071092
Transform:
  m_ObjectHideFlags: 1
  m_PrefabParentObject: {fileID: 0}
  m_PrefabInternal: {fileID: 100100000}
  m_GameObject: {fileID: 1278928319139330}
  m_LocalRotation: {x: -0, y: -0, z: -0, w: 1}
  m_LocalPosition: {x: 8.97, y: 9.19, z: 0}
  m_LocalScale: {x: 2.5, y: 2.5, z: 2.1300898}
  m_Children: []
  m_Father: {fileID: 0}
  m_RootOrder: 0
  m_LocalEulerAnglesHint: {x: 0, y: 0, z: 0}
--- !u!50 &50764609855294718
Rigidbody2D:
  serializedVersion: 4
  m_ObjectHideFlags: 1
  m_PrefabParentObject: {fileID: 0}
  m_PrefabInternal: {fileID: 100100000}
  m_GameObject: {fileID: 1278928319139330}
  m_BodyType: 0
  m_Simulated: 1
  m_UseFullKinematicContacts: 0
  m_UseAutoMass: 0
  m_Mass: 3
  m_LinearDrag: 1
  m_AngularDrag: 1
  m_GravityScale: 0
  m_Material: {fileID: 0}
  m_Interpolate: 0
  m_SleepingMode: 1
  m_CollisionDetection: 0
  m_Constraints: 0
--- !u!61 &61340458626164678
BoxCollider2D:
  m_ObjectHideFlags: 1
  m_PrefabParentObject: {fileID: 0}
  m_PrefabInternal: {fileID: 100100000}
  m_GameObject: {fileID: 1278928319139330}
  m_Enabled: 1
  m_Density: 1
  m_Material: {fileID: 0}
  m_IsTrigger: 0
  m_UsedByEffector: 0
  m_UsedByComposite: 0
  m_Offset: {x: -0.006357461, y: -0.13986968}
  m_SpriteTilingProperty:
    border: {x: 0, y: 0, z: 0, w: 0}
    pivot: {x: 0.5, y: 0.5}
    oldSize: {x: 0.96, y: 0.96}
    newSize: {x: 0.2, y: 0.2}
    adaptiveTilingThreshold: 0.5
    drawMode: 0
    adaptiveTiling: 0
  m_AutoTiling: 0
  serializedVersion: 2
  m_Size: {x: 0.54331666, y: 0.3780159}
  m_EdgeRadius: 0
--- !u!114 &114015821290971790
MonoBehaviour:
  m_ObjectHideFlags: 1
  m_PrefabParentObject: {fileID: 0}
  m_PrefabInternal: {fileID: 100100000}
  m_GameObject: {fileID: 1278928319139330}
  m_Enabled: 1
  m_EditorHideFlags: 0
  m_Script: {fileID: 11500000, guid: 87af38b1721718d42b68ff6d6fad468a, type: 3}
  m_Name: 
  m_EditorClassIdentifier: 
  enemyCurrentHealth: 0
  enemyMaxHealth: 0
  itemDrop: {fileID: 1069478741279682, guid: c218dc0d7970a1a41863d4d41c025eb7, type: 2}
--- !u!114 &114602626527988338
MonoBehaviour:
  m_ObjectHideFlags: 1
  m_PrefabParentObject: {fileID: 0}
  m_PrefabInternal: {fileID: 100100000}
  m_GameObject: {fileID: 1278928319139330}
  m_Enabled: 1
  m_EditorHideFlags: 0
  m_Script: {fileID: 11500000, guid: 424bc9063e5646443969911ca540b02f, type: 3}
  m_Name: 
  m_EditorClassIdentifier: 
  shotSpawn: {fileID: 4487547115071092}
  shot: {fileID: 1925718204900444, guid: 1f6f3b5835aaebe42b2c5a6bf1355920, type: 2}
  shotPic: {fileID: 0}
  sound: {fileID: 0}
  attack: {fileID: 0}
  ShotingPositionleft: -1.9
  ShotingPositionright: -0.5
  wp_damage: 20
  wp_ammo: 300
  wp_cap: 300
  weaponPic: {fileID: 0}
  gunPic: Assets / Resources / DrillDrop.png
  weaponname: AssaultGun
  droprate: 500
  fireRate: 3
--- !u!114 &114839084376019660
MonoBehaviour:
  m_ObjectHideFlags: 1
  m_PrefabParentObject: {fileID: 0}
  m_PrefabInternal: {fileID: 100100000}
  m_GameObject: {fileID: 1278928319139330}
  m_Enabled: 1
  m_EditorHideFlags: 0
  m_Script: {fileID: 11500000, guid: ea6373c9308253b4b99e1a6042139062, type: 3}
  m_Name: 
  m_EditorClassIdentifier: 
  shotSpawn: {fileID: 4960125878607280, guid: 749116b153e71f846bdcc2e1a9437e62, type: 2}
  shot: {fileID: 1925718204900444, guid: 1f6f3b5835aaebe42b2c5a6bf1355920, type: 2}
  shotPic: {fileID: 0}
  sound: {fileID: 0}
  attack: {fileID: 0}
  ShotingPositionleft: -1.9
  ShotingPositionright: -0.5
  wp_damage: 0
  wp_ammo: 300
  wp_cap: 300
  weaponPic: {fileID: 0}
  gunPic: 
  weaponname: AssaultGun
  droprate: 500
  fireRate: 0.5
--- !u!114 &114984272835888446
MonoBehaviour:
  m_ObjectHideFlags: 1
  m_PrefabParentObject: {fileID: 0}
  m_PrefabInternal: {fileID: 100100000}
  m_GameObject: {fileID: 1278928319139330}
  m_Enabled: 1
  m_EditorHideFlags: 0
  m_Script: {fileID: 11500000, guid: c8de64f4749f48f4b8c4e7219122b8c2, type: 3}
  m_Name: 
  m_EditorClassIdentifier: 
  shotSpawn: {fileID: 4487547115071092}
  shot: {fileID: 1090186484809370, guid: 040a05b056ee1f443a5b35cb89d985f7, type: 2}
  shotPic: {fileID: 0}
  sound: {fileID: 0}
  attack: {fileID: 0}
  ShotingPositionleft: -1.9
  ShotingPositionright: -0.5
  wp_damage: 0
  wp_ammo: 300
  wp_cap: 300
  weaponPic: {fileID: 0}
  gunPic: 
  weaponname: AssaultGun
  droprate: 500
  fireRate: 0.5
--- !u!114 &114995396904586418
MonoBehaviour:
  m_ObjectHideFlags: 1
  m_PrefabParentObject: {fileID: 0}
  m_PrefabInternal: {fileID: 100100000}
  m_GameObject: {fileID: 1278928319139330}
  m_Enabled: 1
  m_EditorHideFlags: 0
  m_Script: {fileID: 11500000, guid: 65b433d471cf43b49b9cba028811aa98, type: 3}
  m_Name: 
  m_EditorClassIdentifier: 
  damageToPlayer: 10
  target: {fileID: 0}
  speed: 3
  hurt_time: 2
  oldColor: {r: 0, g: 0, b: 0, a: 0}
  weapon: 
--- !u!212 &212128251819200958
SpriteRenderer:
  m_ObjectHideFlags: 1
  m_PrefabParentObject: {fileID: 0}
  m_PrefabInternal: {fileID: 100100000}
  m_GameObject: {fileID: 1278928319139330}
  m_Enabled: 1
  m_CastShadows: 0
  m_ReceiveShadows: 0
  m_DynamicOccludee: 1
  m_MotionVectors: 1
  m_LightProbeUsage: 1
  m_ReflectionProbeUsage: 1
  m_RenderingLayerMask: 4294967295
  m_Materials:
  - {fileID: 10754, guid: 0000000000000000f000000000000000, type: 0}
  m_StaticBatchInfo:
    firstSubMesh: 0
    subMeshCount: 0
  m_StaticBatchRoot: {fileID: 0}
  m_ProbeAnchor: {fileID: 0}
  m_LightProbeVolumeOverride: {fileID: 0}
  m_ScaleInLightmap: 1
  m_PreserveUVs: 0
  m_IgnoreNormalsForChartDetection: 0
  m_ImportantGI: 0
  m_StitchLightmapSeams: 0
  m_SelectedEditorRenderState: 0
  m_MinimumChartSize: 4
  m_AutoUVMaxDistance: 0.5
  m_AutoUVMaxAngle: 89
  m_LightmapParameters: {fileID: 0}
  m_SortingLayerID: 1369733463
  m_SortingLayer: 3
  m_SortingOrder: 0
  m_Sprite: {fileID: 21300000, guid: c6bbfa64a95477c46910e0e3160f3e54, type: 3}
  m_Color: {r: 0.7382614, g: 0.5514863, b: 0.764151, a: 1}
  m_FlipX: 0
  m_FlipY: 0
  m_DrawMode: 0
  m_Size: {x: 0.2, y: 0.2}
  m_AdaptiveModeThreshold: 0.5
  m_SpriteTileMode: 0
  m_WasSpriteAssigned: 1
  m_MaskInteraction: 0
